@misc{website:Arduino,
      author = "Arduino",
      title = "Arduino MKR NB 1500",
      url = "https://store.arduino.cc/usa/arduino-mkr-nb-1500"
},
@misc{website:RAKLTE,
      author = "Rakwireless Technology Co",
      title = "WisLTE",
      url = "https://www.rakwireless.com/en/WisKeyOSH/WisLTE"
},
@misc{website:RAKLoRa,
      author = "Rakwireless Technology Co",
      title = "RAK811",
      url = "https://www.rakwireless.com/en/module/lora/RAK811"
},
@misc{website:FiPy,
      author = "Pycom",
      title = "FiPy",
      url = "https://pycom.io/product/fipy/"
},
@misc{website:645,
      author = "taulman3d",
      title = "645 Specifications",
      url = "http://taulman3d.com/645-features.html"
},
@misc{website:Filament_Types,
      author = "All3DP",
      title = "The Ultimate Filament Guide",
      url = "https://all3dp.com/1/3d-printer-filament-types-3d-printing-3d-filament/"
},
@misc{website:ABS,
      author = "Anatol Locker",
      title = "The Ultimate Filament Guide",
      url = "https://all3dp.com/abs-3d-printer-filament-explained/"
},
@misc{website:Toms,
      author = "Richard Baguley",
      title = "3D Printing Materials: The Pros and Cons of Each Type",
      url = "https://www.tomsguide.com/us/3d-printing-materials,news-24392.html"
},
@misc{website:OPEnS_Resources,
      author = "OPEnS",
      title = "Resources",
      url = "www.open-sensing.org/resources"
},
@misc{website:RTK,
      author = "Resource Supply LLC",
      title = "RTK (Real Time Kinematic) Basics for Surveying",
      url = "http://www.resourcesupplyllc.com/PDFs/RTKBasics_SurveyGradeGPS.pdf"
},
@misc{website:Nav,
      author = "Navspark",
      title = "S2525F8‐GL‐RTK",
      url = "http://navspark.mybigcommerce.com/content/S2525F8-GL-RTK_v2.pdf"
},
@misc{website:SXB,
      author = "GENEQ inc",
      title = "SXBlue III+ GNSSK",
      url = "http://www.sxbluegps.com/wp-content/uploads/2016/07/2016-07-15-SXBlue-III-GNSS-EN_web.pdf"
},
@misc{website:Trimble,
      author = "Trimble Navigation Limited",
      title = "Trimble MB-Two",
      url = "http://trl.trimble.com/docushare/dsweb/Get/Document-867970/"
}
