@misc{lora,
	author={Vit Prajzler},
	title={LoRa, LoRaWAN and LORIOT.io},
	date={August 1st 2015},
	howpublished={\url{https://www.loriot.io/lorawan.html}},
	note={Accessed: 11-5-18}
},
@misc{iotknowledge,
	author={Yitaek Hwang},
	title={Cellularm IoT Explained - NB-IoT vs. LTE-M vs. 5G and More},
	date={August 17th 2018},
	howpublished={\url{https://www.iotforall.com/cellular-iot-explained-nb-iot-vs-lte-m/}},
	note={Accessed: 11-4-18}
},
@misc(sigfox,
	title={Sigfox Technology Overview},
	publisher={Sigfox},
	howpublished={\url{https://www.sigfox.com/en/sigfox-iot-technology-overview#popin-235-1}},
	note={Accessed: 11-6-18}
},
@article{wang2017primer,
	title={A primer on 3GPP narrowband Internet of Things},
	author={Wang, Y-P Eric and Lin, Xingqin and Adhikary, Ansuman and Grovlen, Asbjorn and Sui, Yutao and Blankenship, Yufei and Bergman, Johan and Razaghi, Hazhir S},
	journal={IEEE Communications Magazine},
	volume={55},
	number={3},
	pages={117--123},
	year={2017},
	publisher={IEEE}
},
@misc{3gpp,
	title={Release Specificatioins},
	author={3GPP},
	howpublished={\url{www.3gpp.org/release-##}},
	note={Accessed: 11-19-18}
},
@misc{linklabs1,
	title={Sigfox Vs. LoRa},
	author={LinkLabs},
	howpublished={\url{https://www.link-labs.com/blog/sigfox-vs-lora}},
	date={05-31-2018},
	note={Accessed: 11-24-18}
},
@misc{linklabs2,
	title={What is SigFox?},
	author={LinkLabs},
	howpublished={\url{https://www.link-labs.com/blog/sigfox-vs-lora}},
	date={02-12-2015},
	note={Accessed: 11-24-18}
},
@misc{nordic,
	title={Nordic 2.4GHz RF},
	author={Nordic Semiconductor},
	howpublished={\url{https://www.nordicsemi.com/eng/Products/2.4GHz-RF}},
	note={Accessed: 11-25-18}
},
@misc{trans1,
	title={ADF7030-1},
	author={Analog Devices},
	howpublished={\url{https://www.analog.com/en/products/ADF7030-1.html#product-overview}},
	note={Accessed: 11-25-18}
},
@misc{trans2,
	title={RM-LORA-915-SO},
	author={RFSolutions},
	howpublished={\url{https://www.rfsolutions.co.uk/radio-modules-c10/fm-lora-transceiver-module-pre-set-to-915mhz-p469}},
	note={Accessed: 11-25-18}
},
@misc{trans3,
	title={S2-LP},
	author={STMicroeletronics},
	howpublished={\url{https://www.st.com/content/st_com/en/products/wireless-connectivity/sub-1ghz-rf/s2-lp.html#design-scroll}},
	note={Accessed: 11-26-18}
}
