@UNPUBLISHED{projectDesc,
    title={Project Description for Capstone},
    author={Marissa Kwon, Grayland Lund},
    note={Document hosted on OPEnSLab google drive}
},
@UNPUBLISHED{devtargets,
    title={Landslide Monitor Development Targets},
    author={Grayland Lund},
    note={Document hosted on OPEnSLab google drive}
},
@article{opensoundcontrol,
    title={The Open Sound Control 1.0 Specification},
    author={Matt Wright},
    journal={OpenSoundControl},
    year={2002}
}