@article{dangerlandslide,
  title={Landslide Hazards â€” A National Threat},
  author={Danger, A Nationwide},
  journal={U.S.G.S. Journal},
  month={December},
  year={2005},
  publisher={U.S.G.S. - United States Geological Survey}
},
@article{guzzetti1999landslide,
  title={Landslide hazard evaluation: a review of current techniques and their application in a multi-scale study, Central Italy},
  author={Guzzetti, Fausto and Carrara, Alberto and Cardinali, Mauro and Reichenbach, Paola},
  journal={Geomorphology},
  volume={31},
  number={1},
  pages={181--216},
  year={1999},
  publisher={Elsevier}
},
@article{glade2003landslide,
  title={Landslide occurrence as a response to land use change: a review of evidence from New Zealand},
  author={Glade, Thomas},
  journal={Catena},
  volume={51},
  number={3-4},
  pages={297--314},
  year={2003},
  publisher={Elsevier}
}